<?xml version="1.0" encoding="UTF-8"?><collection xmlns="http://www.loc.gov/MARC21/slim"><record><leader>00426nam--2200145-i-4500</leader><controlfield tag="001">000031496</controlfield><controlfield tag="002">20161230</controlfield><controlfield tag="005">20161230201038</controlfield><controlfield tag="008">060222s1000------------r-----000-0-eng-d</controlfield><datafield ind1=" " ind2=" " tag="080"><subfield code="a">535.56</subfield></datafield><datafield ind1=" " ind2=" " tag="100"><subfield code="a">Mathieu, Jean-Paul</subfield></datafield><datafield ind1=" " ind2=" " tag="245"><subfield code="a">Les theories moleculaires du pouvoir rotatoire naturel</subfield></datafield><datafield ind1=" " ind2=" " tag="260"><subfield code="a">Paris, C.N.R.S., 1946, Vii + 243p</subfield></datafield><datafield ind1=" " ind2=" " tag="490"><subfield code="a">Conferences Rapports Sur Les Recherches Recentes En Physique</subfield></datafield><datafield ind1=" " ind2=" " tag="852"><subfield code="a">1700</subfield></datafield></record></collection>